@online{v703,
  title = {Versuch 703:Das Geiger-Müller-Zählrohr},
  urldate = "2018-04-19",
  url ="http://129.217.224.2/HOMEPAGE/PHYSIKER/BACHELOR/AP/SKRIPT/V703.pdf"
}
